%YAML 1.1
%TAG !u! tag:unity3d.com,2011:
--- !u!1 &2466978543183887255
GameObject:
  m_ObjectHideFlags: 0
  m_CorrespondingSourceObject: {fileID: 0}
  m_PrefabInstance: {fileID: 0}
  m_PrefabAsset: {fileID: 0}
  serializedVersion: 6
  m_Component:
  - component: {fileID: 2565072806740913623}
  m_Layer: 0
  m_Name: Muro de madera
  m_TagString: Untagged
  m_Icon: {fileID: 0}
  m_NavMeshLayer: 0
  m_StaticEditorFlags: 0
  m_IsActive: 1
--- !u!4 &2565072806740913623
Transform:
  m_ObjectHideFlags: 0
  m_CorrespondingSourceObject: {fileID: 0}
  m_PrefabInstance: {fileID: 0}
  m_PrefabAsset: {fileID: 0}
  m_GameObject: {fileID: 2466978543183887255}
  m_LocalRotation: {x: 0, y: 0, z: 0, w: 1}
  m_LocalPosition: {x: -29.225962, y: 4.238912, z: -23.0314}
  m_LocalScale: {x: 1, y: 1, z: 1}
  m_Children:
  - {fileID: 5761062730827012943}
  - {fileID: 5761062730967181823}
  - {fileID: 5761062731590050705}
  - {fileID: 5761062731791076168}
  - {fileID: 5761062731851125871}
  - {fileID: 5761062731094511738}
  - {fileID: 5761062730828881920}
  - {fileID: 5761062730802365966}
  - {fileID: 5761062730832994586}
  - {fileID: 5761062730728051981}
  - {fileID: 5761062730504059464}
  - {fileID: 5761062730594830004}
  - {fileID: 5761062730031272267}
  - {fileID: 5761062730277505101}
  - {fileID: 5603401733580739939}
  - {fileID: 5895925326460967211}
  - {fileID: 5557095059224771517}
  - {fileID: 1323682007113531159}
  - {fileID: 8174845020257069971}
  m_Father: {fileID: 0}
  m_RootOrder: 0
  m_LocalEulerAnglesHint: {x: 0, y: 0, z: 0}
--- !u!1001 &1572900555728001276
PrefabInstance:
  m_ObjectHideFlags: 0
  serializedVersion: 2
  m_Modification:
    m_TransformParent: {fileID: 2565072806740913623}
    m_Modifications:
    - target: {fileID: -8679921383154817045, guid: 4ed30ed2b7ca4b34bae6255fe8fe3dc1,
        type: 3}
      propertyPath: m_LocalPosition.x
      value: -6.520239
      objectReference: {fileID: 0}
    - target: {fileID: -8679921383154817045, guid: 4ed30ed2b7ca4b34bae6255fe8fe3dc1,
        type: 3}
      propertyPath: m_LocalPosition.y
      value: -4.9957824
      objectReference: {fileID: 0}
    - target: {fileID: -8679921383154817045, guid: 4ed30ed2b7ca4b34bae6255fe8fe3dc1,
        type: 3}
      propertyPath: m_LocalPosition.z
      value: 7.610977
      objectReference: {fileID: 0}
    - target: {fileID: -8679921383154817045, guid: 4ed30ed2b7ca4b34bae6255fe8fe3dc1,
        type: 3}
      propertyPath: m_LocalRotation.x
      value: -0
      objectReference: {fileID: 0}
    - target: {fileID: -8679921383154817045, guid: 4ed30ed2b7ca4b34bae6255fe8fe3dc1,
        type: 3}
      propertyPath: m_LocalRotation.y
      value: -1
      objectReference: {fileID: 0}
    - target: {fileID: -8679921383154817045, guid: 4ed30ed2b7ca4b34bae6255fe8fe3dc1,
        type: 3}
      propertyPath: m_LocalRotation.z
      value: -0
      objectReference: {fileID: 0}
    - target: {fileID: -8679921383154817045, guid: 4ed30ed2b7ca4b34bae6255fe8fe3dc1,
        type: 3}
      propertyPath: m_LocalRotation.w
      value: 0.00000016391273
      objectReference: {fileID: 0}
    - target: {fileID: -8679921383154817045, guid: 4ed30ed2b7ca4b34bae6255fe8fe3dc1,
        type: 3}
      propertyPath: m_RootOrder
      value: 17
      objectReference: {fileID: 0}
    - target: {fileID: -8679921383154817045, guid: 4ed30ed2b7ca4b34bae6255fe8fe3dc1,
        type: 3}
      propertyPath: m_LocalEulerAnglesHint.x
      value: 0
      objectReference: {fileID: 0}
    - target: {fileID: -8679921383154817045, guid: 4ed30ed2b7ca4b34bae6255fe8fe3dc1,
        type: 3}
      propertyPath: m_LocalEulerAnglesHint.y
      value: -180.00002
      objectReference: {fileID: 0}
    - target: {fileID: -8679921383154817045, guid: 4ed30ed2b7ca4b34bae6255fe8fe3dc1,
        type: 3}
      propertyPath: m_LocalEulerAnglesHint.z
      value: 0
      objectReference: {fileID: 0}
    - target: {fileID: -8679921383154817045, guid: 4ed30ed2b7ca4b34bae6255fe8fe3dc1,
        type: 3}
      propertyPath: m_LocalScale.x
      value: 3.5
      objectReference: {fileID: 0}
    - target: {fileID: -8679921383154817045, guid: 4ed30ed2b7ca4b34bae6255fe8fe3dc1,
        type: 3}
      propertyPath: m_LocalScale.y
      value: 3.5
      objectReference: {fileID: 0}
    - target: {fileID: -8679921383154817045, guid: 4ed30ed2b7ca4b34bae6255fe8fe3dc1,
        type: 3}
      propertyPath: m_LocalScale.z
      value: 3.5
      objectReference: {fileID: 0}
    - target: {fileID: 919132149155446097, guid: 4ed30ed2b7ca4b34bae6255fe8fe3dc1,
        type: 3}
      propertyPath: m_Name
      value: WOOD-1 (13)
      objectReference: {fileID: 0}
    m_RemovedComponents: []
  m_SourcePrefab: {fileID: 100100000, guid: 4ed30ed2b7ca4b34bae6255fe8fe3dc1, type: 3}
--- !u!4 &1323682007113531159 stripped
Transform:
  m_CorrespondingSourceObject: {fileID: -8679921383154817045, guid: 4ed30ed2b7ca4b34bae6255fe8fe3dc1,
    type: 3}
  m_PrefabInstance: {fileID: 1572900555728001276}
  m_PrefabAsset: {fileID: 0}
--- !u!1001 &5222435567010526084
PrefabInstance:
  m_ObjectHideFlags: 0
  serializedVersion: 2
  m_Modification:
    m_TransformParent: {fileID: 2565072806740913623}
    m_Modifications:
    - target: {fileID: -8679921383154817045, guid: 4ed30ed2b7ca4b34bae6255fe8fe3dc1,
        type: 3}
      propertyPath: m_LocalPosition.x
      value: -2.011238
      objectReference: {fileID: 0}
    - target: {fileID: -8679921383154817045, guid: 4ed30ed2b7ca4b34bae6255fe8fe3dc1,
        type: 3}
      propertyPath: m_LocalPosition.y
      value: -4.9957824
      objectReference: {fileID: 0}
    - target: {fileID: -8679921383154817045, guid: 4ed30ed2b7ca4b34bae6255fe8fe3dc1,
        type: 3}
      propertyPath: m_LocalPosition.z
      value: 7.6064014
      objectReference: {fileID: 0}
    - target: {fileID: -8679921383154817045, guid: 4ed30ed2b7ca4b34bae6255fe8fe3dc1,
        type: 3}
      propertyPath: m_LocalRotation.x
      value: -0
      objectReference: {fileID: 0}
    - target: {fileID: -8679921383154817045, guid: 4ed30ed2b7ca4b34bae6255fe8fe3dc1,
        type: 3}
      propertyPath: m_LocalRotation.y
      value: -1
      objectReference: {fileID: 0}
    - target: {fileID: -8679921383154817045, guid: 4ed30ed2b7ca4b34bae6255fe8fe3dc1,
        type: 3}
      propertyPath: m_LocalRotation.z
      value: -0
      objectReference: {fileID: 0}
    - target: {fileID: -8679921383154817045, guid: 4ed30ed2b7ca4b34bae6255fe8fe3dc1,
        type: 3}
      propertyPath: m_LocalRotation.w
      value: 0.00000016391273
      objectReference: {fileID: 0}
    - target: {fileID: -8679921383154817045, guid: 4ed30ed2b7ca4b34bae6255fe8fe3dc1,
        type: 3}
      propertyPath: m_RootOrder
      value: 4
      objectReference: {fileID: 0}
    - target: {fileID: -8679921383154817045, guid: 4ed30ed2b7ca4b34bae6255fe8fe3dc1,
        type: 3}
      propertyPath: m_LocalEulerAnglesHint.x
      value: 0
      objectReference: {fileID: 0}
    - target: {fileID: -8679921383154817045, guid: 4ed30ed2b7ca4b34bae6255fe8fe3dc1,
        type: 3}
      propertyPath: m_LocalEulerAnglesHint.y
      value: -180.00002
      objectReference: {fileID: 0}
    - target: {fileID: -8679921383154817045, guid: 4ed30ed2b7ca4b34bae6255fe8fe3dc1,
        type: 3}
      propertyPath: m_LocalEulerAnglesHint.z
      value: 0
      objectReference: {fileID: 0}
    - target: {fileID: -8679921383154817045, guid: 4ed30ed2b7ca4b34bae6255fe8fe3dc1,
        type: 3}
      propertyPath: m_LocalScale.x
      value: 3.5
      objectReference: {fileID: 0}
    - target: {fileID: -8679921383154817045, guid: 4ed30ed2b7ca4b34bae6255fe8fe3dc1,
        type: 3}
      propertyPath: m_LocalScale.y
      value: 3.5
      objectReference: {fileID: 0}
    - target: {fileID: -8679921383154817045, guid: 4ed30ed2b7ca4b34bae6255fe8fe3dc1,
        type: 3}
      propertyPath: m_LocalScale.z
      value: 3.5
      objectReference: {fileID: 0}
    - target: {fileID: 919132149155446097, guid: 4ed30ed2b7ca4b34bae6255fe8fe3dc1,
        type: 3}
      propertyPath: m_Name
      value: WOOD-1 (2)
      objectReference: {fileID: 0}
    m_RemovedComponents: []
  m_SourcePrefab: {fileID: 100100000, guid: 4ed30ed2b7ca4b34bae6255fe8fe3dc1, type: 3}
--- !u!4 &5761062731851125871 stripped
Transform:
  m_CorrespondingSourceObject: {fileID: -8679921383154817045, guid: 4ed30ed2b7ca4b34bae6255fe8fe3dc1,
    type: 3}
  m_PrefabInstance: {fileID: 5222435567010526084}
  m_PrefabAsset: {fileID: 0}
--- !u!1001 &5222435567104126115
PrefabInstance:
  m_ObjectHideFlags: 0
  serializedVersion: 2
  m_Modification:
    m_TransformParent: {fileID: 2565072806740913623}
    m_Modifications:
    - target: {fileID: -8679921383154817045, guid: bbe211516cd579647b7da1bbfdca51dc,
        type: 3}
      propertyPath: m_LocalPosition.x
      value: -0.6147995
      objectReference: {fileID: 0}
    - target: {fileID: -8679921383154817045, guid: bbe211516cd579647b7da1bbfdca51dc,
        type: 3}
      propertyPath: m_LocalPosition.y
      value: -4.9957824
      objectReference: {fileID: 0}
    - target: {fileID: -8679921383154817045, guid: bbe211516cd579647b7da1bbfdca51dc,
        type: 3}
      propertyPath: m_LocalPosition.z
      value: 7.5867023
      objectReference: {fileID: 0}
    - target: {fileID: -8679921383154817045, guid: bbe211516cd579647b7da1bbfdca51dc,
        type: 3}
      propertyPath: m_LocalRotation.x
      value: -0
      objectReference: {fileID: 0}
    - target: {fileID: -8679921383154817045, guid: bbe211516cd579647b7da1bbfdca51dc,
        type: 3}
      propertyPath: m_LocalRotation.y
      value: -0.9996538
      objectReference: {fileID: 0}
    - target: {fileID: -8679921383154817045, guid: bbe211516cd579647b7da1bbfdca51dc,
        type: 3}
      propertyPath: m_LocalRotation.z
      value: -0
      objectReference: {fileID: 0}
    - target: {fileID: -8679921383154817045, guid: bbe211516cd579647b7da1bbfdca51dc,
        type: 3}
      propertyPath: m_LocalRotation.w
      value: 0.026310321
      objectReference: {fileID: 0}
    - target: {fileID: -8679921383154817045, guid: bbe211516cd579647b7da1bbfdca51dc,
        type: 3}
      propertyPath: m_RootOrder
      value: 3
      objectReference: {fileID: 0}
    - target: {fileID: -8679921383154817045, guid: bbe211516cd579647b7da1bbfdca51dc,
        type: 3}
      propertyPath: m_LocalEulerAnglesHint.x
      value: 0
      objectReference: {fileID: 0}
    - target: {fileID: -8679921383154817045, guid: bbe211516cd579647b7da1bbfdca51dc,
        type: 3}
      propertyPath: m_LocalEulerAnglesHint.y
      value: -176.98502
      objectReference: {fileID: 0}
    - target: {fileID: -8679921383154817045, guid: bbe211516cd579647b7da1bbfdca51dc,
        type: 3}
      propertyPath: m_LocalEulerAnglesHint.z
      value: 0
      objectReference: {fileID: 0}
    - target: {fileID: -8679921383154817045, guid: bbe211516cd579647b7da1bbfdca51dc,
        type: 3}
      propertyPath: m_LocalScale.x
      value: 3.5000007
      objectReference: {fileID: 0}
    - target: {fileID: -8679921383154817045, guid: bbe211516cd579647b7da1bbfdca51dc,
        type: 3}
      propertyPath: m_LocalScale.y
      value: 3.5
      objectReference: {fileID: 0}
    - target: {fileID: -8679921383154817045, guid: bbe211516cd579647b7da1bbfdca51dc,
        type: 3}
      propertyPath: m_LocalScale.z
      value: 3.5000007
      objectReference: {fileID: 0}
    - target: {fileID: 919132149155446097, guid: bbe211516cd579647b7da1bbfdca51dc,
        type: 3}
      propertyPath: m_Name
      value: WOOD-2 (1)
      objectReference: {fileID: 0}
    m_RemovedComponents: []
  m_SourcePrefab: {fileID: 100100000, guid: bbe211516cd579647b7da1bbfdca51dc, type: 3}
--- !u!4 &5761062731791076168 stripped
Transform:
  m_CorrespondingSourceObject: {fileID: -8679921383154817045, guid: bbe211516cd579647b7da1bbfdca51dc,
    type: 3}
  m_PrefabInstance: {fileID: 5222435567104126115}
  m_PrefabAsset: {fileID: 0}
--- !u!1001 &5222435567305213050
PrefabInstance:
  m_ObjectHideFlags: 0
  serializedVersion: 2
  m_Modification:
    m_TransformParent: {fileID: 2565072806740913623}
    m_Modifications:
    - target: {fileID: -8679921383154817045, guid: b8f3adea0e16990439496822c5c23e5b,
        type: 3}
      propertyPath: m_LocalPosition.x
      value: -2.761238
      objectReference: {fileID: 0}
    - target: {fileID: -8679921383154817045, guid: b8f3adea0e16990439496822c5c23e5b,
        type: 3}
      propertyPath: m_LocalPosition.y
      value: -4.9913826
      objectReference: {fileID: 0}
    - target: {fileID: -8679921383154817045, guid: b8f3adea0e16990439496822c5c23e5b,
        type: 3}
      propertyPath: m_LocalPosition.z
      value: 7.6064014
      objectReference: {fileID: 0}
    - target: {fileID: -8679921383154817045, guid: b8f3adea0e16990439496822c5c23e5b,
        type: 3}
      propertyPath: m_LocalRotation.x
      value: -0
      objectReference: {fileID: 0}
    - target: {fileID: -8679921383154817045, guid: b8f3adea0e16990439496822c5c23e5b,
        type: 3}
      propertyPath: m_LocalRotation.y
      value: -0.9994752
      objectReference: {fileID: 0}
    - target: {fileID: -8679921383154817045, guid: b8f3adea0e16990439496822c5c23e5b,
        type: 3}
      propertyPath: m_LocalRotation.z
      value: -0
      objectReference: {fileID: 0}
    - target: {fileID: -8679921383154817045, guid: b8f3adea0e16990439496822c5c23e5b,
        type: 3}
      propertyPath: m_LocalRotation.w
      value: 0.032394852
      objectReference: {fileID: 0}
    - target: {fileID: -8679921383154817045, guid: b8f3adea0e16990439496822c5c23e5b,
        type: 3}
      propertyPath: m_RootOrder
      value: 2
      objectReference: {fileID: 0}
    - target: {fileID: -8679921383154817045, guid: b8f3adea0e16990439496822c5c23e5b,
        type: 3}
      propertyPath: m_LocalEulerAnglesHint.x
      value: 0
      objectReference: {fileID: 0}
    - target: {fileID: -8679921383154817045, guid: b8f3adea0e16990439496822c5c23e5b,
        type: 3}
      propertyPath: m_LocalEulerAnglesHint.y
      value: -176.287
      objectReference: {fileID: 0}
    - target: {fileID: -8679921383154817045, guid: b8f3adea0e16990439496822c5c23e5b,
        type: 3}
      propertyPath: m_LocalEulerAnglesHint.z
      value: 0
      objectReference: {fileID: 0}
    - target: {fileID: -8679921383154817045, guid: b8f3adea0e16990439496822c5c23e5b,
        type: 3}
      propertyPath: m_LocalScale.x
      value: 3.5
      objectReference: {fileID: 0}
    - target: {fileID: -8679921383154817045, guid: b8f3adea0e16990439496822c5c23e5b,
        type: 3}
      propertyPath: m_LocalScale.y
      value: 3.5
      objectReference: {fileID: 0}
    - target: {fileID: -8679921383154817045, guid: b8f3adea0e16990439496822c5c23e5b,
        type: 3}
      propertyPath: m_LocalScale.z
      value: 3.5
      objectReference: {fileID: 0}
    - target: {fileID: 919132149155446097, guid: b8f3adea0e16990439496822c5c23e5b,
        type: 3}
      propertyPath: m_Name
      value: WOOD-3 (1)
      objectReference: {fileID: 0}
    m_RemovedComponents: []
  m_SourcePrefab: {fileID: 100100000, guid: b8f3adea0e16990439496822c5c23e5b, type: 3}
--- !u!4 &5761062731590050705 stripped
Transform:
  m_CorrespondingSourceObject: {fileID: -8679921383154817045, guid: b8f3adea0e16990439496822c5c23e5b,
    type: 3}
  m_PrefabInstance: {fileID: 5222435567305213050}
  m_PrefabAsset: {fileID: 0}
--- !u!1001 &5222435567800432529
PrefabInstance:
  m_ObjectHideFlags: 0
  serializedVersion: 2
  m_Modification:
    m_TransformParent: {fileID: 2565072806740913623}
    m_Modifications:
    - target: {fileID: -8679921383154817045, guid: 4ed30ed2b7ca4b34bae6255fe8fe3dc1,
        type: 3}
      propertyPath: m_LocalPosition.x
      value: 2.8197613
      objectReference: {fileID: 0}
    - target: {fileID: -8679921383154817045, guid: 4ed30ed2b7ca4b34bae6255fe8fe3dc1,
        type: 3}
      propertyPath: m_LocalPosition.y
      value: 0.6542177
      objectReference: {fileID: 0}
    - target: {fileID: -8679921383154817045, guid: 4ed30ed2b7ca4b34bae6255fe8fe3dc1,
        type: 3}
      propertyPath: m_LocalPosition.z
      value: 7.4364014
      objectReference: {fileID: 0}
    - target: {fileID: -8679921383154817045, guid: 4ed30ed2b7ca4b34bae6255fe8fe3dc1,
        type: 3}
      propertyPath: m_LocalRotation.x
      value: 0.70710653
      objectReference: {fileID: 0}
    - target: {fileID: -8679921383154817045, guid: 4ed30ed2b7ca4b34bae6255fe8fe3dc1,
        type: 3}
      propertyPath: m_LocalRotation.y
      value: -0.7071071
      objectReference: {fileID: 0}
    - target: {fileID: -8679921383154817045, guid: 4ed30ed2b7ca4b34bae6255fe8fe3dc1,
        type: 3}
      propertyPath: m_LocalRotation.z
      value: -0.00000011590375
      objectReference: {fileID: 0}
    - target: {fileID: -8679921383154817045, guid: 4ed30ed2b7ca4b34bae6255fe8fe3dc1,
        type: 3}
      propertyPath: m_LocalRotation.w
      value: 0.00000011590387
      objectReference: {fileID: 0}
    - target: {fileID: -8679921383154817045, guid: 4ed30ed2b7ca4b34bae6255fe8fe3dc1,
        type: 3}
      propertyPath: m_RootOrder
      value: 5
      objectReference: {fileID: 0}
    - target: {fileID: -8679921383154817045, guid: 4ed30ed2b7ca4b34bae6255fe8fe3dc1,
        type: 3}
      propertyPath: m_LocalEulerAnglesHint.x
      value: 0
      objectReference: {fileID: 0}
    - target: {fileID: -8679921383154817045, guid: 4ed30ed2b7ca4b34bae6255fe8fe3dc1,
        type: 3}
      propertyPath: m_LocalEulerAnglesHint.y
      value: -180.00002
      objectReference: {fileID: 0}
    - target: {fileID: -8679921383154817045, guid: 4ed30ed2b7ca4b34bae6255fe8fe3dc1,
        type: 3}
      propertyPath: m_LocalEulerAnglesHint.z
      value: -90.00001
      objectReference: {fileID: 0}
    - target: {fileID: -8679921383154817045, guid: 4ed30ed2b7ca4b34bae6255fe8fe3dc1,
        type: 3}
      propertyPath: m_LocalScale.x
      value: 3.5
      objectReference: {fileID: 0}
    - target: {fileID: -8679921383154817045, guid: 4ed30ed2b7ca4b34bae6255fe8fe3dc1,
        type: 3}
      propertyPath: m_LocalScale.y
      value: 3.5
      objectReference: {fileID: 0}
    - target: {fileID: -8679921383154817045, guid: 4ed30ed2b7ca4b34bae6255fe8fe3dc1,
        type: 3}
      propertyPath: m_LocalScale.z
      value: 3.500001
      objectReference: {fileID: 0}
    - target: {fileID: 919132149155446097, guid: 4ed30ed2b7ca4b34bae6255fe8fe3dc1,
        type: 3}
      propertyPath: m_Name
      value: WOOD-1 (3)
      objectReference: {fileID: 0}
    m_RemovedComponents: []
  m_SourcePrefab: {fileID: 100100000, guid: 4ed30ed2b7ca4b34bae6255fe8fe3dc1, type: 3}
--- !u!4 &5761062731094511738 stripped
Transform:
  m_CorrespondingSourceObject: {fileID: -8679921383154817045, guid: 4ed30ed2b7ca4b34bae6255fe8fe3dc1,
    type: 3}
  m_PrefabInstance: {fileID: 5222435567800432529}
  m_PrefabAsset: {fileID: 0}
--- !u!1001 &5222435567894466068
PrefabInstance:
  m_ObjectHideFlags: 0
  serializedVersion: 2
  m_Modification:
    m_TransformParent: {fileID: 2565072806740913623}
    m_Modifications:
    - target: {fileID: -8679921383154817045, guid: 4ed30ed2b7ca4b34bae6255fe8fe3dc1,
        type: 3}
      propertyPath: m_LocalPosition.x
      value: -3.5358028
      objectReference: {fileID: 0}
    - target: {fileID: -8679921383154817045, guid: 4ed30ed2b7ca4b34bae6255fe8fe3dc1,
        type: 3}
      propertyPath: m_LocalPosition.y
      value: -4.9957824
      objectReference: {fileID: 0}
    - target: {fileID: -8679921383154817045, guid: 4ed30ed2b7ca4b34bae6255fe8fe3dc1,
        type: 3}
      propertyPath: m_LocalPosition.z
      value: 7.610977
      objectReference: {fileID: 0}
    - target: {fileID: -8679921383154817045, guid: 4ed30ed2b7ca4b34bae6255fe8fe3dc1,
        type: 3}
      propertyPath: m_LocalRotation.x
      value: -0
      objectReference: {fileID: 0}
    - target: {fileID: -8679921383154817045, guid: 4ed30ed2b7ca4b34bae6255fe8fe3dc1,
        type: 3}
      propertyPath: m_LocalRotation.y
      value: -1
      objectReference: {fileID: 0}
    - target: {fileID: -8679921383154817045, guid: 4ed30ed2b7ca4b34bae6255fe8fe3dc1,
        type: 3}
      propertyPath: m_LocalRotation.z
      value: -0
      objectReference: {fileID: 0}
    - target: {fileID: -8679921383154817045, guid: 4ed30ed2b7ca4b34bae6255fe8fe3dc1,
        type: 3}
      propertyPath: m_LocalRotation.w
      value: 0.00000016391273
      objectReference: {fileID: 0}
    - target: {fileID: -8679921383154817045, guid: 4ed30ed2b7ca4b34bae6255fe8fe3dc1,
        type: 3}
      propertyPath: m_RootOrder
      value: 1
      objectReference: {fileID: 0}
    - target: {fileID: -8679921383154817045, guid: 4ed30ed2b7ca4b34bae6255fe8fe3dc1,
        type: 3}
      propertyPath: m_LocalEulerAnglesHint.x
      value: 0
      objectReference: {fileID: 0}
    - target: {fileID: -8679921383154817045, guid: 4ed30ed2b7ca4b34bae6255fe8fe3dc1,
        type: 3}
      propertyPath: m_LocalEulerAnglesHint.y
      value: -180.00002
      objectReference: {fileID: 0}
    - target: {fileID: -8679921383154817045, guid: 4ed30ed2b7ca4b34bae6255fe8fe3dc1,
        type: 3}
      propertyPath: m_LocalEulerAnglesHint.z
      value: 0
      objectReference: {fileID: 0}
    - target: {fileID: -8679921383154817045, guid: 4ed30ed2b7ca4b34bae6255fe8fe3dc1,
        type: 3}
      propertyPath: m_LocalScale.x
      value: 3.5
      objectReference: {fileID: 0}
    - target: {fileID: -8679921383154817045, guid: 4ed30ed2b7ca4b34bae6255fe8fe3dc1,
        type: 3}
      propertyPath: m_LocalScale.y
      value: 3.5
      objectReference: {fileID: 0}
    - target: {fileID: -8679921383154817045, guid: 4ed30ed2b7ca4b34bae6255fe8fe3dc1,
        type: 3}
      propertyPath: m_LocalScale.z
      value: 3.5
      objectReference: {fileID: 0}
    - target: {fileID: 919132149155446097, guid: 4ed30ed2b7ca4b34bae6255fe8fe3dc1,
        type: 3}
      propertyPath: m_Name
      value: WOOD-1 (1)
      objectReference: {fileID: 0}
    m_RemovedComponents: []
  m_SourcePrefab: {fileID: 100100000, guid: 4ed30ed2b7ca4b34bae6255fe8fe3dc1, type: 3}
--- !u!4 &5761062730967181823 stripped
Transform:
  m_CorrespondingSourceObject: {fileID: -8679921383154817045, guid: 4ed30ed2b7ca4b34bae6255fe8fe3dc1,
    type: 3}
  m_PrefabInstance: {fileID: 5222435567894466068}
  m_PrefabAsset: {fileID: 0}
--- !u!1001 &5222435568028714737
PrefabInstance:
  m_ObjectHideFlags: 0
  serializedVersion: 2
  m_Modification:
    m_TransformParent: {fileID: 2565072806740913623}
    m_Modifications:
    - target: {fileID: -8679921383154817045, guid: bbe211516cd579647b7da1bbfdca51dc,
        type: 3}
      propertyPath: m_LocalPosition.x
      value: 1.1142006
      objectReference: {fileID: 0}
    - target: {fileID: -8679921383154817045, guid: bbe211516cd579647b7da1bbfdca51dc,
        type: 3}
      propertyPath: m_LocalPosition.y
      value: -4.9957824
      objectReference: {fileID: 0}
    - target: {fileID: -8679921383154817045, guid: bbe211516cd579647b7da1bbfdca51dc,
        type: 3}
      propertyPath: m_LocalPosition.z
      value: 7.576703
      objectReference: {fileID: 0}
    - target: {fileID: -8679921383154817045, guid: bbe211516cd579647b7da1bbfdca51dc,
        type: 3}
      propertyPath: m_LocalRotation.x
      value: -0
      objectReference: {fileID: 0}
    - target: {fileID: -8679921383154817045, guid: bbe211516cd579647b7da1bbfdca51dc,
        type: 3}
      propertyPath: m_LocalRotation.y
      value: -0.9996538
      objectReference: {fileID: 0}
    - target: {fileID: -8679921383154817045, guid: bbe211516cd579647b7da1bbfdca51dc,
        type: 3}
      propertyPath: m_LocalRotation.z
      value: -0
      objectReference: {fileID: 0}
    - target: {fileID: -8679921383154817045, guid: bbe211516cd579647b7da1bbfdca51dc,
        type: 3}
      propertyPath: m_LocalRotation.w
      value: 0.026310321
      objectReference: {fileID: 0}
    - target: {fileID: -8679921383154817045, guid: bbe211516cd579647b7da1bbfdca51dc,
        type: 3}
      propertyPath: m_RootOrder
      value: 8
      objectReference: {fileID: 0}
    - target: {fileID: -8679921383154817045, guid: bbe211516cd579647b7da1bbfdca51dc,
        type: 3}
      propertyPath: m_LocalEulerAnglesHint.x
      value: 0
      objectReference: {fileID: 0}
    - target: {fileID: -8679921383154817045, guid: bbe211516cd579647b7da1bbfdca51dc,
        type: 3}
      propertyPath: m_LocalEulerAnglesHint.y
      value: -176.98502
      objectReference: {fileID: 0}
    - target: {fileID: -8679921383154817045, guid: bbe211516cd579647b7da1bbfdca51dc,
        type: 3}
      propertyPath: m_LocalEulerAnglesHint.z
      value: 0
      objectReference: {fileID: 0}
    - target: {fileID: -8679921383154817045, guid: bbe211516cd579647b7da1bbfdca51dc,
        type: 3}
      propertyPath: m_LocalScale.x
      value: 3.5000007
      objectReference: {fileID: 0}
    - target: {fileID: -8679921383154817045, guid: bbe211516cd579647b7da1bbfdca51dc,
        type: 3}
      propertyPath: m_LocalScale.y
      value: 3.5
      objectReference: {fileID: 0}
    - target: {fileID: -8679921383154817045, guid: bbe211516cd579647b7da1bbfdca51dc,
        type: 3}
      propertyPath: m_LocalScale.z
      value: 3.5000007
      objectReference: {fileID: 0}
    - target: {fileID: 919132149155446097, guid: bbe211516cd579647b7da1bbfdca51dc,
        type: 3}
      propertyPath: m_Name
      value: WOOD-2 (3)
      objectReference: {fileID: 0}
    m_RemovedComponents: []
  m_SourcePrefab: {fileID: 100100000, guid: bbe211516cd579647b7da1bbfdca51dc, type: 3}
--- !u!4 &5761062730832994586 stripped
Transform:
  m_CorrespondingSourceObject: {fileID: -8679921383154817045, guid: bbe211516cd579647b7da1bbfdca51dc,
    type: 3}
  m_PrefabInstance: {fileID: 5222435568028714737}
  m_PrefabAsset: {fileID: 0}
--- !u!1001 &5222435568059343333
PrefabInstance:
  m_ObjectHideFlags: 0
  serializedVersion: 2
  m_Modification:
    m_TransformParent: {fileID: 2565072806740913623}
    m_Modifications:
    - target: {fileID: -8679921383154817045, guid: bbe211516cd579647b7da1bbfdca51dc,
        type: 3}
      propertyPath: m_LocalPosition.x
      value: 0.3487606
      objectReference: {fileID: 0}
    - target: {fileID: -8679921383154817045, guid: bbe211516cd579647b7da1bbfdca51dc,
        type: 3}
      propertyPath: m_LocalPosition.y
      value: -4.9957824
      objectReference: {fileID: 0}
    - target: {fileID: -8679921383154817045, guid: bbe211516cd579647b7da1bbfdca51dc,
        type: 3}
      propertyPath: m_LocalPosition.z
      value: 7.546402
      objectReference: {fileID: 0}
    - target: {fileID: -8679921383154817045, guid: bbe211516cd579647b7da1bbfdca51dc,
        type: 3}
      propertyPath: m_LocalRotation.x
      value: -0
      objectReference: {fileID: 0}
    - target: {fileID: -8679921383154817045, guid: bbe211516cd579647b7da1bbfdca51dc,
        type: 3}
      propertyPath: m_LocalRotation.y
      value: 0.0263102
      objectReference: {fileID: 0}
    - target: {fileID: -8679921383154817045, guid: bbe211516cd579647b7da1bbfdca51dc,
        type: 3}
      propertyPath: m_LocalRotation.z
      value: -0
      objectReference: {fileID: 0}
    - target: {fileID: -8679921383154817045, guid: bbe211516cd579647b7da1bbfdca51dc,
        type: 3}
      propertyPath: m_LocalRotation.w
      value: 0.9996538
      objectReference: {fileID: 0}
    - target: {fileID: -8679921383154817045, guid: bbe211516cd579647b7da1bbfdca51dc,
        type: 3}
      propertyPath: m_RootOrder
      value: 7
      objectReference: {fileID: 0}
    - target: {fileID: -8679921383154817045, guid: bbe211516cd579647b7da1bbfdca51dc,
        type: 3}
      propertyPath: m_LocalEulerAnglesHint.x
      value: 0
      objectReference: {fileID: 0}
    - target: {fileID: -8679921383154817045, guid: bbe211516cd579647b7da1bbfdca51dc,
        type: 3}
      propertyPath: m_LocalEulerAnglesHint.y
      value: 3.015
      objectReference: {fileID: 0}
    - target: {fileID: -8679921383154817045, guid: bbe211516cd579647b7da1bbfdca51dc,
        type: 3}
      propertyPath: m_LocalEulerAnglesHint.z
      value: 0
      objectReference: {fileID: 0}
    - target: {fileID: -8679921383154817045, guid: bbe211516cd579647b7da1bbfdca51dc,
        type: 3}
      propertyPath: m_LocalScale.x
      value: 3.5000005
      objectReference: {fileID: 0}
    - target: {fileID: -8679921383154817045, guid: bbe211516cd579647b7da1bbfdca51dc,
        type: 3}
      propertyPath: m_LocalScale.y
      value: 3.5
      objectReference: {fileID: 0}
    - target: {fileID: -8679921383154817045, guid: bbe211516cd579647b7da1bbfdca51dc,
        type: 3}
      propertyPath: m_LocalScale.z
      value: 3.5000005
      objectReference: {fileID: 0}
    - target: {fileID: 919132149155446097, guid: bbe211516cd579647b7da1bbfdca51dc,
        type: 3}
      propertyPath: m_Name
      value: WOOD-2 (2)
      objectReference: {fileID: 0}
    m_RemovedComponents: []
  m_SourcePrefab: {fileID: 100100000, guid: bbe211516cd579647b7da1bbfdca51dc, type: 3}
--- !u!4 &5761062730802365966 stripped
Transform:
  m_CorrespondingSourceObject: {fileID: -8679921383154817045, guid: bbe211516cd579647b7da1bbfdca51dc,
    type: 3}
  m_PrefabInstance: {fileID: 5222435568059343333}
  m_PrefabAsset: {fileID: 0}
--- !u!1001 &5222435568068263076
PrefabInstance:
  m_ObjectHideFlags: 0
  serializedVersion: 2
  m_Modification:
    m_TransformParent: {fileID: 2565072806740913623}
    m_Modifications:
    - target: {fileID: -8679921383154817045, guid: bbe211516cd579647b7da1bbfdca51dc,
        type: 3}
      propertyPath: m_LocalPosition.x
      value: -1.3802395
      objectReference: {fileID: 0}
    - target: {fileID: -8679921383154817045, guid: bbe211516cd579647b7da1bbfdca51dc,
        type: 3}
      propertyPath: m_LocalPosition.y
      value: -4.9957824
      objectReference: {fileID: 0}
    - target: {fileID: -8679921383154817045, guid: bbe211516cd579647b7da1bbfdca51dc,
        type: 3}
      propertyPath: m_LocalPosition.z
      value: 7.5564013
      objectReference: {fileID: 0}
    - target: {fileID: -8679921383154817045, guid: bbe211516cd579647b7da1bbfdca51dc,
        type: 3}
      propertyPath: m_LocalRotation.x
      value: -0
      objectReference: {fileID: 0}
    - target: {fileID: -8679921383154817045, guid: bbe211516cd579647b7da1bbfdca51dc,
        type: 3}
      propertyPath: m_LocalRotation.y
      value: 0.0263102
      objectReference: {fileID: 0}
    - target: {fileID: -8679921383154817045, guid: bbe211516cd579647b7da1bbfdca51dc,
        type: 3}
      propertyPath: m_LocalRotation.z
      value: -0
      objectReference: {fileID: 0}
    - target: {fileID: -8679921383154817045, guid: bbe211516cd579647b7da1bbfdca51dc,
        type: 3}
      propertyPath: m_LocalRotation.w
      value: 0.9996538
      objectReference: {fileID: 0}
    - target: {fileID: -8679921383154817045, guid: bbe211516cd579647b7da1bbfdca51dc,
        type: 3}
      propertyPath: m_RootOrder
      value: 0
      objectReference: {fileID: 0}
    - target: {fileID: -8679921383154817045, guid: bbe211516cd579647b7da1bbfdca51dc,
        type: 3}
      propertyPath: m_LocalEulerAnglesHint.x
      value: 0
      objectReference: {fileID: 0}
    - target: {fileID: -8679921383154817045, guid: bbe211516cd579647b7da1bbfdca51dc,
        type: 3}
      propertyPath: m_LocalEulerAnglesHint.y
      value: 3.015
      objectReference: {fileID: 0}
    - target: {fileID: -8679921383154817045, guid: bbe211516cd579647b7da1bbfdca51dc,
        type: 3}
      propertyPath: m_LocalEulerAnglesHint.z
      value: 0
      objectReference: {fileID: 0}
    - target: {fileID: -8679921383154817045, guid: bbe211516cd579647b7da1bbfdca51dc,
        type: 3}
      propertyPath: m_LocalScale.x
      value: 3.5000005
      objectReference: {fileID: 0}
    - target: {fileID: -8679921383154817045, guid: bbe211516cd579647b7da1bbfdca51dc,
        type: 3}
      propertyPath: m_LocalScale.y
      value: 3.5
      objectReference: {fileID: 0}
    - target: {fileID: -8679921383154817045, guid: bbe211516cd579647b7da1bbfdca51dc,
        type: 3}
      propertyPath: m_LocalScale.z
      value: 3.5000005
      objectReference: {fileID: 0}
    - target: {fileID: 919132149155446097, guid: bbe211516cd579647b7da1bbfdca51dc,
        type: 3}
      propertyPath: m_Name
      value: WOOD-2
      objectReference: {fileID: 0}
    m_RemovedComponents: []
  m_SourcePrefab: {fileID: 100100000, guid: bbe211516cd579647b7da1bbfdca51dc, type: 3}
--- !u!4 &5761062730827012943 stripped
Transform:
  m_CorrespondingSourceObject: {fileID: -8679921383154817045, guid: bbe211516cd579647b7da1bbfdca51dc,
    type: 3}
  m_PrefabInstance: {fileID: 5222435568068263076}
  m_PrefabAsset: {fileID: 0}
--- !u!1001 &5222435568074442731
PrefabInstance:
  m_ObjectHideFlags: 0
  serializedVersion: 2
  m_Modification:
    m_TransformParent: {fileID: 2565072806740913623}
    m_Modifications:
    - target: {fileID: -8679921383154817045, guid: 4ed30ed2b7ca4b34bae6255fe8fe3dc1,
        type: 3}
      propertyPath: m_LocalPosition.x
      value: -0.58023834
      objectReference: {fileID: 0}
    - target: {fileID: -8679921383154817045, guid: 4ed30ed2b7ca4b34bae6255fe8fe3dc1,
        type: 3}
      propertyPath: m_LocalPosition.y
      value: -3.2257824
      objectReference: {fileID: 0}
    - target: {fileID: -8679921383154817045, guid: 4ed30ed2b7ca4b34bae6255fe8fe3dc1,
        type: 3}
      propertyPath: m_LocalPosition.z
      value: 7.4364014
      objectReference: {fileID: 0}
    - target: {fileID: -8679921383154817045, guid: 4ed30ed2b7ca4b34bae6255fe8fe3dc1,
        type: 3}
      propertyPath: m_LocalRotation.x
      value: 0.72781605
      objectReference: {fileID: 0}
    - target: {fileID: -8679921383154817045, guid: 4ed30ed2b7ca4b34bae6255fe8fe3dc1,
        type: 3}
      propertyPath: m_LocalRotation.y
      value: -0.6857725
      objectReference: {fileID: 0}
    - target: {fileID: -8679921383154817045, guid: 4ed30ed2b7ca4b34bae6255fe8fe3dc1,
        type: 3}
      propertyPath: m_LocalRotation.z
      value: -0.0000001192983
      objectReference: {fileID: 0}
    - target: {fileID: -8679921383154817045, guid: 4ed30ed2b7ca4b34bae6255fe8fe3dc1,
        type: 3}
      propertyPath: m_LocalRotation.w
      value: 0.00000011240685
      objectReference: {fileID: 0}
    - target: {fileID: -8679921383154817045, guid: 4ed30ed2b7ca4b34bae6255fe8fe3dc1,
        type: 3}
      propertyPath: m_RootOrder
      value: 6
      objectReference: {fileID: 0}
    - target: {fileID: -8679921383154817045, guid: 4ed30ed2b7ca4b34bae6255fe8fe3dc1,
        type: 3}
      propertyPath: m_LocalEulerAnglesHint.x
      value: 0
      objectReference: {fileID: 0}
    - target: {fileID: -8679921383154817045, guid: 4ed30ed2b7ca4b34bae6255fe8fe3dc1,
        type: 3}
      propertyPath: m_LocalEulerAnglesHint.y
      value: -180.00002
      objectReference: {fileID: 0}
    - target: {fileID: -8679921383154817045, guid: 4ed30ed2b7ca4b34bae6255fe8fe3dc1,
        type: 3}
      propertyPath: m_LocalEulerAnglesHint.z
      value: -93.407005
      objectReference: {fileID: 0}
    - target: {fileID: -8679921383154817045, guid: 4ed30ed2b7ca4b34bae6255fe8fe3dc1,
        type: 3}
      propertyPath: m_LocalScale.x
      value: 3.5000005
      objectReference: {fileID: 0}
    - target: {fileID: -8679921383154817045, guid: 4ed30ed2b7ca4b34bae6255fe8fe3dc1,
        type: 3}
      propertyPath: m_LocalScale.y
      value: 3.5000005
      objectReference: {fileID: 0}
    - target: {fileID: -8679921383154817045, guid: 4ed30ed2b7ca4b34bae6255fe8fe3dc1,
        type: 3}
      propertyPath: m_LocalScale.z
      value: 3.500001
      objectReference: {fileID: 0}
    - target: {fileID: 919132149155446097, guid: 4ed30ed2b7ca4b34bae6255fe8fe3dc1,
        type: 3}
      propertyPath: m_Name
      value: WOOD-1 (4)
      objectReference: {fileID: 0}
    m_RemovedComponents: []
  m_SourcePrefab: {fileID: 100100000, guid: 4ed30ed2b7ca4b34bae6255fe8fe3dc1, type: 3}
--- !u!4 &5761062730828881920 stripped
Transform:
  m_CorrespondingSourceObject: {fileID: -8679921383154817045, guid: 4ed30ed2b7ca4b34bae6255fe8fe3dc1,
    type: 3}
  m_PrefabInstance: {fileID: 5222435568074442731}
  m_PrefabAsset: {fileID: 0}
--- !u!1001 &5222435568175346406
PrefabInstance:
  m_ObjectHideFlags: 0
  serializedVersion: 2
  m_Modification:
    m_TransformParent: {fileID: 2565072806740913623}
    m_Modifications:
    - target: {fileID: -8679921383154817045, guid: b8f3adea0e16990439496822c5c23e5b,
        type: 3}
      propertyPath: m_LocalPosition.x
      value: 2.6787605
      objectReference: {fileID: 0}
    - target: {fileID: -8679921383154817045, guid: b8f3adea0e16990439496822c5c23e5b,
        type: 3}
      propertyPath: m_LocalPosition.y
      value: -4.9913826
      objectReference: {fileID: 0}
    - target: {fileID: -8679921383154817045, guid: b8f3adea0e16990439496822c5c23e5b,
        type: 3}
      propertyPath: m_LocalPosition.z
      value: 7.596402
      objectReference: {fileID: 0}
    - target: {fileID: -8679921383154817045, guid: b8f3adea0e16990439496822c5c23e5b,
        type: 3}
      propertyPath: m_LocalRotation.x
      value: -0
      objectReference: {fileID: 0}
    - target: {fileID: -8679921383154817045, guid: b8f3adea0e16990439496822c5c23e5b,
        type: 3}
      propertyPath: m_LocalRotation.y
      value: -0.9994752
      objectReference: {fileID: 0}
    - target: {fileID: -8679921383154817045, guid: b8f3adea0e16990439496822c5c23e5b,
        type: 3}
      propertyPath: m_LocalRotation.z
      value: -0
      objectReference: {fileID: 0}
    - target: {fileID: -8679921383154817045, guid: b8f3adea0e16990439496822c5c23e5b,
        type: 3}
      propertyPath: m_LocalRotation.w
      value: 0.032394852
      objectReference: {fileID: 0}
    - target: {fileID: -8679921383154817045, guid: b8f3adea0e16990439496822c5c23e5b,
        type: 3}
      propertyPath: m_RootOrder
      value: 9
      objectReference: {fileID: 0}
    - target: {fileID: -8679921383154817045, guid: b8f3adea0e16990439496822c5c23e5b,
        type: 3}
      propertyPath: m_LocalEulerAnglesHint.x
      value: 0
      objectReference: {fileID: 0}
    - target: {fileID: -8679921383154817045, guid: b8f3adea0e16990439496822c5c23e5b,
        type: 3}
      propertyPath: m_LocalEulerAnglesHint.y
      value: -176.287
      objectReference: {fileID: 0}
    - target: {fileID: -8679921383154817045, guid: b8f3adea0e16990439496822c5c23e5b,
        type: 3}
      propertyPath: m_LocalEulerAnglesHint.z
      value: 0
      objectReference: {fileID: 0}
    - target: {fileID: -8679921383154817045, guid: b8f3adea0e16990439496822c5c23e5b,
        type: 3}
      propertyPath: m_LocalScale.x
      value: 3.5
      objectReference: {fileID: 0}
    - target: {fileID: -8679921383154817045, guid: b8f3adea0e16990439496822c5c23e5b,
        type: 3}
      propertyPath: m_LocalScale.y
      value: 3.5
      objectReference: {fileID: 0}
    - target: {fileID: -8679921383154817045, guid: b8f3adea0e16990439496822c5c23e5b,
        type: 3}
      propertyPath: m_LocalScale.z
      value: 3.5
      objectReference: {fileID: 0}
    - target: {fileID: 919132149155446097, guid: b8f3adea0e16990439496822c5c23e5b,
        type: 3}
      propertyPath: m_Name
      value: WOOD-3 (3)
      objectReference: {fileID: 0}
    m_RemovedComponents: []
  m_SourcePrefab: {fileID: 100100000, guid: b8f3adea0e16990439496822c5c23e5b, type: 3}
--- !u!4 &5761062730728051981 stripped
Transform:
  m_CorrespondingSourceObject: {fileID: -8679921383154817045, guid: b8f3adea0e16990439496822c5c23e5b,
    type: 3}
  m_PrefabInstance: {fileID: 5222435568175346406}
  m_PrefabAsset: {fileID: 0}
--- !u!1001 &5222435568308560223
PrefabInstance:
  m_ObjectHideFlags: 0
  serializedVersion: 2
  m_Modification:
    m_TransformParent: {fileID: 2565072806740913623}
    m_Modifications:
    - target: {fileID: -8679921383154817045, guid: 4ed30ed2b7ca4b34bae6255fe8fe3dc1,
        type: 3}
      propertyPath: m_LocalPosition.x
      value: 3.4287605
      objectReference: {fileID: 0}
    - target: {fileID: -8679921383154817045, guid: 4ed30ed2b7ca4b34bae6255fe8fe3dc1,
        type: 3}
      propertyPath: m_LocalPosition.y
      value: -4.9957824
      objectReference: {fileID: 0}
    - target: {fileID: -8679921383154817045, guid: 4ed30ed2b7ca4b34bae6255fe8fe3dc1,
        type: 3}
      propertyPath: m_LocalPosition.z
      value: 7.596402
      objectReference: {fileID: 0}
    - target: {fileID: -8679921383154817045, guid: 4ed30ed2b7ca4b34bae6255fe8fe3dc1,
        type: 3}
      propertyPath: m_LocalRotation.x
      value: -0
      objectReference: {fileID: 0}
    - target: {fileID: -8679921383154817045, guid: 4ed30ed2b7ca4b34bae6255fe8fe3dc1,
        type: 3}
      propertyPath: m_LocalRotation.y
      value: -1
      objectReference: {fileID: 0}
    - target: {fileID: -8679921383154817045, guid: 4ed30ed2b7ca4b34bae6255fe8fe3dc1,
        type: 3}
      propertyPath: m_LocalRotation.z
      value: -0
      objectReference: {fileID: 0}
    - target: {fileID: -8679921383154817045, guid: 4ed30ed2b7ca4b34bae6255fe8fe3dc1,
        type: 3}
      propertyPath: m_LocalRotation.w
      value: 0.00000016391273
      objectReference: {fileID: 0}
    - target: {fileID: -8679921383154817045, guid: 4ed30ed2b7ca4b34bae6255fe8fe3dc1,
        type: 3}
      propertyPath: m_RootOrder
      value: 11
      objectReference: {fileID: 0}
    - target: {fileID: -8679921383154817045, guid: 4ed30ed2b7ca4b34bae6255fe8fe3dc1,
        type: 3}
      propertyPath: m_LocalEulerAnglesHint.x
      value: 0
      objectReference: {fileID: 0}
    - target: {fileID: -8679921383154817045, guid: 4ed30ed2b7ca4b34bae6255fe8fe3dc1,
        type: 3}
      propertyPath: m_LocalEulerAnglesHint.y
      value: -180.00002
      objectReference: {fileID: 0}
    - target: {fileID: -8679921383154817045, guid: 4ed30ed2b7ca4b34bae6255fe8fe3dc1,
        type: 3}
      propertyPath: m_LocalEulerAnglesHint.z
      value: 0
      objectReference: {fileID: 0}
    - target: {fileID: -8679921383154817045, guid: 4ed30ed2b7ca4b34bae6255fe8fe3dc1,
        type: 3}
      propertyPath: m_LocalScale.x
      value: 3.5
      objectReference: {fileID: 0}
    - target: {fileID: -8679921383154817045, guid: 4ed30ed2b7ca4b34bae6255fe8fe3dc1,
        type: 3}
      propertyPath: m_LocalScale.y
      value: 3.5
      objectReference: {fileID: 0}
    - target: {fileID: -8679921383154817045, guid: 4ed30ed2b7ca4b34bae6255fe8fe3dc1,
        type: 3}
      propertyPath: m_LocalScale.z
      value: 3.5
      objectReference: {fileID: 0}
    - target: {fileID: 919132149155446097, guid: 4ed30ed2b7ca4b34bae6255fe8fe3dc1,
        type: 3}
      propertyPath: m_Name
      value: WOOD-1 (7)
      objectReference: {fileID: 0}
    m_RemovedComponents: []
  m_SourcePrefab: {fileID: 100100000, guid: 4ed30ed2b7ca4b34bae6255fe8fe3dc1, type: 3}
--- !u!4 &5761062730594830004 stripped
Transform:
  m_CorrespondingSourceObject: {fileID: -8679921383154817045, guid: 4ed30ed2b7ca4b34bae6255fe8fe3dc1,
    type: 3}
  m_PrefabInstance: {fileID: 5222435568308560223}
  m_PrefabAsset: {fileID: 0}
--- !u!1001 &5222435568366050723
PrefabInstance:
  m_ObjectHideFlags: 0
  serializedVersion: 2
  m_Modification:
    m_TransformParent: {fileID: 2565072806740913623}
    m_Modifications:
    - target: {fileID: -8679921383154817045, guid: 4ed30ed2b7ca4b34bae6255fe8fe3dc1,
        type: 3}
      propertyPath: m_LocalPosition.x
      value: 1.9041977
      objectReference: {fileID: 0}
    - target: {fileID: -8679921383154817045, guid: 4ed30ed2b7ca4b34bae6255fe8fe3dc1,
        type: 3}
      propertyPath: m_LocalPosition.y
      value: -4.9957824
      objectReference: {fileID: 0}
    - target: {fileID: -8679921383154817045, guid: 4ed30ed2b7ca4b34bae6255fe8fe3dc1,
        type: 3}
      propertyPath: m_LocalPosition.z
      value: 7.600978
      objectReference: {fileID: 0}
    - target: {fileID: -8679921383154817045, guid: 4ed30ed2b7ca4b34bae6255fe8fe3dc1,
        type: 3}
      propertyPath: m_LocalRotation.x
      value: -0
      objectReference: {fileID: 0}
    - target: {fileID: -8679921383154817045, guid: 4ed30ed2b7ca4b34bae6255fe8fe3dc1,
        type: 3}
      propertyPath: m_LocalRotation.y
      value: -1
      objectReference: {fileID: 0}
    - target: {fileID: -8679921383154817045, guid: 4ed30ed2b7ca4b34bae6255fe8fe3dc1,
        type: 3}
      propertyPath: m_LocalRotation.z
      value: -0
      objectReference: {fileID: 0}
    - target: {fileID: -8679921383154817045, guid: 4ed30ed2b7ca4b34bae6255fe8fe3dc1,
        type: 3}
      propertyPath: m_LocalRotation.w
      value: 0.00000016391273
      objectReference: {fileID: 0}
    - target: {fileID: -8679921383154817045, guid: 4ed30ed2b7ca4b34bae6255fe8fe3dc1,
        type: 3}
      propertyPath: m_RootOrder
      value: 10
      objectReference: {fileID: 0}
    - target: {fileID: -8679921383154817045, guid: 4ed30ed2b7ca4b34bae6255fe8fe3dc1,
        type: 3}
      propertyPath: m_LocalEulerAnglesHint.x
      value: 0
      objectReference: {fileID: 0}
    - target: {fileID: -8679921383154817045, guid: 4ed30ed2b7ca4b34bae6255fe8fe3dc1,
        type: 3}
      propertyPath: m_LocalEulerAnglesHint.y
      value: -180.00002
      objectReference: {fileID: 0}
    - target: {fileID: -8679921383154817045, guid: 4ed30ed2b7ca4b34bae6255fe8fe3dc1,
        type: 3}
      propertyPath: m_LocalEulerAnglesHint.z
      value: 0
      objectReference: {fileID: 0}
    - target: {fileID: -8679921383154817045, guid: 4ed30ed2b7ca4b34bae6255fe8fe3dc1,
        type: 3}
      propertyPath: m_LocalScale.x
      value: 3.5
      objectReference: {fileID: 0}
    - target: {fileID: -8679921383154817045, guid: 4ed30ed2b7ca4b34bae6255fe8fe3dc1,
        type: 3}
      propertyPath: m_LocalScale.y
      value: 3.5
      objectReference: {fileID: 0}
    - target: {fileID: -8679921383154817045, guid: 4ed30ed2b7ca4b34bae6255fe8fe3dc1,
        type: 3}
      propertyPath: m_LocalScale.z
      value: 3.5
      objectReference: {fileID: 0}
    - target: {fileID: 919132149155446097, guid: 4ed30ed2b7ca4b34bae6255fe8fe3dc1,
        type: 3}
      propertyPath: m_Name
      value: WOOD-1 (6)
      objectReference: {fileID: 0}
    m_RemovedComponents: []
  m_SourcePrefab: {fileID: 100100000, guid: 4ed30ed2b7ca4b34bae6255fe8fe3dc1, type: 3}
--- !u!4 &5761062730504059464 stripped
Transform:
  m_CorrespondingSourceObject: {fileID: -8679921383154817045, guid: 4ed30ed2b7ca4b34bae6255fe8fe3dc1,
    type: 3}
  m_PrefabInstance: {fileID: 5222435568366050723}
  m_PrefabAsset: {fileID: 0}
--- !u!1001 &5222435568592596902
PrefabInstance:
  m_ObjectHideFlags: 0
  serializedVersion: 2
  m_Modification:
    m_TransformParent: {fileID: 2565072806740913623}
    m_Modifications:
    - target: {fileID: -8679921383154817045, guid: 4ed30ed2b7ca4b34bae6255fe8fe3dc1,
        type: 3}
      propertyPath: m_LocalPosition.x
      value: 4.778763
      objectReference: {fileID: 0}
    - target: {fileID: -8679921383154817045, guid: 4ed30ed2b7ca4b34bae6255fe8fe3dc1,
        type: 3}
      propertyPath: m_LocalPosition.y
      value: -2.9157825
      objectReference: {fileID: 0}
    - target: {fileID: -8679921383154817045, guid: 4ed30ed2b7ca4b34bae6255fe8fe3dc1,
        type: 3}
      propertyPath: m_LocalPosition.z
      value: 7.4364014
      objectReference: {fileID: 0}
    - target: {fileID: -8679921383154817045, guid: 4ed30ed2b7ca4b34bae6255fe8fe3dc1,
        type: 3}
      propertyPath: m_LocalRotation.x
      value: 0.6774754
      objectReference: {fileID: 0}
    - target: {fileID: -8679921383154817045, guid: 4ed30ed2b7ca4b34bae6255fe8fe3dc1,
        type: 3}
      propertyPath: m_LocalRotation.y
      value: -0.73554546
      objectReference: {fileID: 0}
    - target: {fileID: -8679921383154817045, guid: 4ed30ed2b7ca4b34bae6255fe8fe3dc1,
        type: 3}
      propertyPath: m_LocalRotation.z
      value: -0.00000011104683
      objectReference: {fileID: 0}
    - target: {fileID: -8679921383154817045, guid: 4ed30ed2b7ca4b34bae6255fe8fe3dc1,
        type: 3}
      propertyPath: m_LocalRotation.w
      value: 0.00000012056528
      objectReference: {fileID: 0}
    - target: {fileID: -8679921383154817045, guid: 4ed30ed2b7ca4b34bae6255fe8fe3dc1,
        type: 3}
      propertyPath: m_RootOrder
      value: 13
      objectReference: {fileID: 0}
    - target: {fileID: -8679921383154817045, guid: 4ed30ed2b7ca4b34bae6255fe8fe3dc1,
        type: 3}
      propertyPath: m_LocalEulerAnglesHint.x
      value: 0
      objectReference: {fileID: 0}
    - target: {fileID: -8679921383154817045, guid: 4ed30ed2b7ca4b34bae6255fe8fe3dc1,
        type: 3}
      propertyPath: m_LocalEulerAnglesHint.y
      value: -180.00002
      objectReference: {fileID: 0}
    - target: {fileID: -8679921383154817045, guid: 4ed30ed2b7ca4b34bae6255fe8fe3dc1,
        type: 3}
      propertyPath: m_LocalEulerAnglesHint.z
      value: -85.29301
      objectReference: {fileID: 0}
    - target: {fileID: -8679921383154817045, guid: 4ed30ed2b7ca4b34bae6255fe8fe3dc1,
        type: 3}
      propertyPath: m_LocalScale.x
      value: 3.5
      objectReference: {fileID: 0}
    - target: {fileID: -8679921383154817045, guid: 4ed30ed2b7ca4b34bae6255fe8fe3dc1,
        type: 3}
      propertyPath: m_LocalScale.y
      value: 3.5
      objectReference: {fileID: 0}
    - target: {fileID: -8679921383154817045, guid: 4ed30ed2b7ca4b34bae6255fe8fe3dc1,
        type: 3}
      propertyPath: m_LocalScale.z
      value: 3.5
      objectReference: {fileID: 0}
    - target: {fileID: 919132149155446097, guid: 4ed30ed2b7ca4b34bae6255fe8fe3dc1,
        type: 3}
      propertyPath: m_Name
      value: WOOD-1 (9)
      objectReference: {fileID: 0}
    m_RemovedComponents: []
  m_SourcePrefab: {fileID: 100100000, guid: 4ed30ed2b7ca4b34bae6255fe8fe3dc1, type: 3}
--- !u!4 &5761062730277505101 stripped
Transform:
  m_CorrespondingSourceObject: {fileID: -8679921383154817045, guid: 4ed30ed2b7ca4b34bae6255fe8fe3dc1,
    type: 3}
  m_PrefabInstance: {fileID: 5222435568592596902}
  m_PrefabAsset: {fileID: 0}
--- !u!1001 &5222435568838571680
PrefabInstance:
  m_ObjectHideFlags: 0
  serializedVersion: 2
  m_Modification:
    m_TransformParent: {fileID: 2565072806740913623}
    m_Modifications:
    - target: {fileID: -8679921383154817045, guid: 4ed30ed2b7ca4b34bae6255fe8fe3dc1,
        type: 3}
      propertyPath: m_LocalPosition.x
      value: 3.948763
      objectReference: {fileID: 0}
    - target: {fileID: -8679921383154817045, guid: 4ed30ed2b7ca4b34bae6255fe8fe3dc1,
        type: 3}
      propertyPath: m_LocalPosition.y
      value: 0.22421741
      objectReference: {fileID: 0}
    - target: {fileID: -8679921383154817045, guid: 4ed30ed2b7ca4b34bae6255fe8fe3dc1,
        type: 3}
      propertyPath: m_LocalPosition.z
      value: 7.4364014
      objectReference: {fileID: 0}
    - target: {fileID: -8679921383154817045, guid: 4ed30ed2b7ca4b34bae6255fe8fe3dc1,
        type: 3}
      propertyPath: m_LocalRotation.x
      value: 0.73601395
      objectReference: {fileID: 0}
    - target: {fileID: -8679921383154817045, guid: 4ed30ed2b7ca4b34bae6255fe8fe3dc1,
        type: 3}
      propertyPath: m_LocalRotation.y
      value: -0.67696637
      objectReference: {fileID: 0}
    - target: {fileID: -8679921383154817045, guid: 4ed30ed2b7ca4b34bae6255fe8fe3dc1,
        type: 3}
      propertyPath: m_LocalRotation.z
      value: -0.00000012064206
      objectReference: {fileID: 0}
    - target: {fileID: -8679921383154817045, guid: 4ed30ed2b7ca4b34bae6255fe8fe3dc1,
        type: 3}
      propertyPath: m_LocalRotation.w
      value: 0.00000011096343
      objectReference: {fileID: 0}
    - target: {fileID: -8679921383154817045, guid: 4ed30ed2b7ca4b34bae6255fe8fe3dc1,
        type: 3}
      propertyPath: m_RootOrder
      value: 12
      objectReference: {fileID: 0}
    - target: {fileID: -8679921383154817045, guid: 4ed30ed2b7ca4b34bae6255fe8fe3dc1,
        type: 3}
      propertyPath: m_LocalEulerAnglesHint.x
      value: 0
      objectReference: {fileID: 0}
    - target: {fileID: -8679921383154817045, guid: 4ed30ed2b7ca4b34bae6255fe8fe3dc1,
        type: 3}
      propertyPath: m_LocalEulerAnglesHint.y
      value: -180.00002
      objectReference: {fileID: 0}
    - target: {fileID: -8679921383154817045, guid: 4ed30ed2b7ca4b34bae6255fe8fe3dc1,
        type: 3}
      propertyPath: m_LocalEulerAnglesHint.z
      value: -94.786
      objectReference: {fileID: 0}
    - target: {fileID: -8679921383154817045, guid: 4ed30ed2b7ca4b34bae6255fe8fe3dc1,
        type: 3}
      propertyPath: m_LocalScale.x
      value: 3.4999995
      objectReference: {fileID: 0}
    - target: {fileID: -8679921383154817045, guid: 4ed30ed2b7ca4b34bae6255fe8fe3dc1,
        type: 3}
      propertyPath: m_LocalScale.y
      value: 3.5000005
      objectReference: {fileID: 0}
    - target: {fileID: -8679921383154817045, guid: 4ed30ed2b7ca4b34bae6255fe8fe3dc1,
        type: 3}
      propertyPath: m_LocalScale.z
      value: 3.5
      objectReference: {fileID: 0}
    - target: {fileID: 919132149155446097, guid: 4ed30ed2b7ca4b34bae6255fe8fe3dc1,
        type: 3}
      propertyPath: m_Name
      value: WOOD-1 (8)
      objectReference: {fileID: 0}
    m_RemovedComponents: []
  m_SourcePrefab: {fileID: 100100000, guid: 4ed30ed2b7ca4b34bae6255fe8fe3dc1, type: 3}
--- !u!4 &5761062730031272267 stripped
Transform:
  m_CorrespondingSourceObject: {fileID: -8679921383154817045, guid: 4ed30ed2b7ca4b34bae6255fe8fe3dc1,
    type: 3}
  m_PrefabInstance: {fileID: 5222435568838571680}
  m_PrefabAsset: {fileID: 0}
--- !u!1001 &5353074946083795592
PrefabInstance:
  m_ObjectHideFlags: 0
  serializedVersion: 2
  m_Modification:
    m_TransformParent: {fileID: 2565072806740913623}
    m_Modifications:
    - target: {fileID: -8679921383154817045, guid: 4ed30ed2b7ca4b34bae6255fe8fe3dc1,
        type: 3}
      propertyPath: m_LocalPosition.x
      value: -4.280241
      objectReference: {fileID: 0}
    - target: {fileID: -8679921383154817045, guid: 4ed30ed2b7ca4b34bae6255fe8fe3dc1,
        type: 3}
      propertyPath: m_LocalPosition.y
      value: -4.9957824
      objectReference: {fileID: 0}
    - target: {fileID: -8679921383154817045, guid: 4ed30ed2b7ca4b34bae6255fe8fe3dc1,
        type: 3}
      propertyPath: m_LocalPosition.z
      value: 7.610977
      objectReference: {fileID: 0}
    - target: {fileID: -8679921383154817045, guid: 4ed30ed2b7ca4b34bae6255fe8fe3dc1,
        type: 3}
      propertyPath: m_LocalRotation.x
      value: -0
      objectReference: {fileID: 0}
    - target: {fileID: -8679921383154817045, guid: 4ed30ed2b7ca4b34bae6255fe8fe3dc1,
        type: 3}
      propertyPath: m_LocalRotation.y
      value: -1
      objectReference: {fileID: 0}
    - target: {fileID: -8679921383154817045, guid: 4ed30ed2b7ca4b34bae6255fe8fe3dc1,
        type: 3}
      propertyPath: m_LocalRotation.z
      value: -0
      objectReference: {fileID: 0}
    - target: {fileID: -8679921383154817045, guid: 4ed30ed2b7ca4b34bae6255fe8fe3dc1,
        type: 3}
      propertyPath: m_LocalRotation.w
      value: 0.00000016391273
      objectReference: {fileID: 0}
    - target: {fileID: -8679921383154817045, guid: 4ed30ed2b7ca4b34bae6255fe8fe3dc1,
        type: 3}
      propertyPath: m_RootOrder
      value: 14
      objectReference: {fileID: 0}
    - target: {fileID: -8679921383154817045, guid: 4ed30ed2b7ca4b34bae6255fe8fe3dc1,
        type: 3}
      propertyPath: m_LocalEulerAnglesHint.x
      value: 0
      objectReference: {fileID: 0}
    - target: {fileID: -8679921383154817045, guid: 4ed30ed2b7ca4b34bae6255fe8fe3dc1,
        type: 3}
      propertyPath: m_LocalEulerAnglesHint.y
      value: -180.00002
      objectReference: {fileID: 0}
    - target: {fileID: -8679921383154817045, guid: 4ed30ed2b7ca4b34bae6255fe8fe3dc1,
        type: 3}
      propertyPath: m_LocalEulerAnglesHint.z
      value: 0
      objectReference: {fileID: 0}
    - target: {fileID: -8679921383154817045, guid: 4ed30ed2b7ca4b34bae6255fe8fe3dc1,
        type: 3}
      propertyPath: m_LocalScale.x
      value: 3.5
      objectReference: {fileID: 0}
    - target: {fileID: -8679921383154817045, guid: 4ed30ed2b7ca4b34bae6255fe8fe3dc1,
        type: 3}
      propertyPath: m_LocalScale.y
      value: 3.5
      objectReference: {fileID: 0}
    - target: {fileID: -8679921383154817045, guid: 4ed30ed2b7ca4b34bae6255fe8fe3dc1,
        type: 3}
      propertyPath: m_LocalScale.z
      value: 3.5
      objectReference: {fileID: 0}
    - target: {fileID: 919132149155446097, guid: 4ed30ed2b7ca4b34bae6255fe8fe3dc1,
        type: 3}
      propertyPath: m_Name
      value: WOOD-1 (10)
      objectReference: {fileID: 0}
    m_RemovedComponents: []
  m_SourcePrefab: {fileID: 100100000, guid: 4ed30ed2b7ca4b34bae6255fe8fe3dc1, type: 3}
--- !u!4 &5603401733580739939 stripped
Transform:
  m_CorrespondingSourceObject: {fileID: -8679921383154817045, guid: 4ed30ed2b7ca4b34bae6255fe8fe3dc1,
    type: 3}
  m_PrefabInstance: {fileID: 5353074946083795592}
  m_PrefabAsset: {fileID: 0}
--- !u!1001 &5374058785278450774
PrefabInstance:
  m_ObjectHideFlags: 0
  serializedVersion: 2
  m_Modification:
    m_TransformParent: {fileID: 2565072806740913623}
    m_Modifications:
    - target: {fileID: -8679921383154817045, guid: 4ed30ed2b7ca4b34bae6255fe8fe3dc1,
        type: 3}
      propertyPath: m_LocalPosition.x
      value: -5.8402386
      objectReference: {fileID: 0}
    - target: {fileID: -8679921383154817045, guid: 4ed30ed2b7ca4b34bae6255fe8fe3dc1,
        type: 3}
      propertyPath: m_LocalPosition.y
      value: -4.9957824
      objectReference: {fileID: 0}
    - target: {fileID: -8679921383154817045, guid: 4ed30ed2b7ca4b34bae6255fe8fe3dc1,
        type: 3}
      propertyPath: m_LocalPosition.z
      value: 7.610977
      objectReference: {fileID: 0}
    - target: {fileID: -8679921383154817045, guid: 4ed30ed2b7ca4b34bae6255fe8fe3dc1,
        type: 3}
      propertyPath: m_LocalRotation.x
      value: -0
      objectReference: {fileID: 0}
    - target: {fileID: -8679921383154817045, guid: 4ed30ed2b7ca4b34bae6255fe8fe3dc1,
        type: 3}
      propertyPath: m_LocalRotation.y
      value: -1
      objectReference: {fileID: 0}
    - target: {fileID: -8679921383154817045, guid: 4ed30ed2b7ca4b34bae6255fe8fe3dc1,
        type: 3}
      propertyPath: m_LocalRotation.z
      value: -0
      objectReference: {fileID: 0}
    - target: {fileID: -8679921383154817045, guid: 4ed30ed2b7ca4b34bae6255fe8fe3dc1,
        type: 3}
      propertyPath: m_LocalRotation.w
      value: 0.00000016391273
      objectReference: {fileID: 0}
    - target: {fileID: -8679921383154817045, guid: 4ed30ed2b7ca4b34bae6255fe8fe3dc1,
        type: 3}
      propertyPath: m_RootOrder
      value: 16
      objectReference: {fileID: 0}
    - target: {fileID: -8679921383154817045, guid: 4ed30ed2b7ca4b34bae6255fe8fe3dc1,
        type: 3}
      propertyPath: m_LocalEulerAnglesHint.x
      value: 0
      objectReference: {fileID: 0}
    - target: {fileID: -8679921383154817045, guid: 4ed30ed2b7ca4b34bae6255fe8fe3dc1,
        type: 3}
      propertyPath: m_LocalEulerAnglesHint.y
      value: -180.00002
      objectReference: {fileID: 0}
    - target: {fileID: -8679921383154817045, guid: 4ed30ed2b7ca4b34bae6255fe8fe3dc1,
        type: 3}
      propertyPath: m_LocalEulerAnglesHint.z
      value: 0
      objectReference: {fileID: 0}
    - target: {fileID: -8679921383154817045, guid: 4ed30ed2b7ca4b34bae6255fe8fe3dc1,
        type: 3}
      propertyPath: m_LocalScale.x
      value: 3.5
      objectReference: {fileID: 0}
    - target: {fileID: -8679921383154817045, guid: 4ed30ed2b7ca4b34bae6255fe8fe3dc1,
        type: 3}
      propertyPath: m_LocalScale.y
      value: 3.5
      objectReference: {fileID: 0}
    - target: {fileID: -8679921383154817045, guid: 4ed30ed2b7ca4b34bae6255fe8fe3dc1,
        type: 3}
      propertyPath: m_LocalScale.z
      value: 3.5
      objectReference: {fileID: 0}
    - target: {fileID: 919132149155446097, guid: 4ed30ed2b7ca4b34bae6255fe8fe3dc1,
        type: 3}
      propertyPath: m_Name
      value: WOOD-1 (12)
      objectReference: {fileID: 0}
    m_RemovedComponents: []
  m_SourcePrefab: {fileID: 100100000, guid: 4ed30ed2b7ca4b34bae6255fe8fe3dc1, type: 3}
--- !u!4 &5557095059224771517 stripped
Transform:
  m_CorrespondingSourceObject: {fileID: -8679921383154817045, guid: 4ed30ed2b7ca4b34bae6255fe8fe3dc1,
    type: 3}
  m_PrefabInstance: {fileID: 5374058785278450774}
  m_PrefabAsset: {fileID: 0}
--- !u!1001 &6221777473429978816
PrefabInstance:
  m_ObjectHideFlags: 0
  serializedVersion: 2
  m_Modification:
    m_TransformParent: {fileID: 2565072806740913623}
    m_Modifications:
    - target: {fileID: -8679921383154817045, guid: 4ed30ed2b7ca4b34bae6255fe8fe3dc1,
        type: 3}
      propertyPath: m_LocalPosition.x
      value: -5.030241
      objectReference: {fileID: 0}
    - target: {fileID: -8679921383154817045, guid: 4ed30ed2b7ca4b34bae6255fe8fe3dc1,
        type: 3}
      propertyPath: m_LocalPosition.y
      value: -4.9957824
      objectReference: {fileID: 0}
    - target: {fileID: -8679921383154817045, guid: 4ed30ed2b7ca4b34bae6255fe8fe3dc1,
        type: 3}
      propertyPath: m_LocalPosition.z
      value: 7.610977
      objectReference: {fileID: 0}
    - target: {fileID: -8679921383154817045, guid: 4ed30ed2b7ca4b34bae6255fe8fe3dc1,
        type: 3}
      propertyPath: m_LocalRotation.x
      value: -0
      objectReference: {fileID: 0}
    - target: {fileID: -8679921383154817045, guid: 4ed30ed2b7ca4b34bae6255fe8fe3dc1,
        type: 3}
      propertyPath: m_LocalRotation.y
      value: -1
      objectReference: {fileID: 0}
    - target: {fileID: -8679921383154817045, guid: 4ed30ed2b7ca4b34bae6255fe8fe3dc1,
        type: 3}
      propertyPath: m_LocalRotation.z
      value: -0
      objectReference: {fileID: 0}
    - target: {fileID: -8679921383154817045, guid: 4ed30ed2b7ca4b34bae6255fe8fe3dc1,
        type: 3}
      propertyPath: m_LocalRotation.w
      value: 0.00000016391273
      objectReference: {fileID: 0}
    - target: {fileID: -8679921383154817045, guid: 4ed30ed2b7ca4b34bae6255fe8fe3dc1,
        type: 3}
      propertyPath: m_RootOrder
      value: 15
      objectReference: {fileID: 0}
    - target: {fileID: -8679921383154817045, guid: 4ed30ed2b7ca4b34bae6255fe8fe3dc1,
        type: 3}
      propertyPath: m_LocalEulerAnglesHint.x
      value: 0
      objectReference: {fileID: 0}
    - target: {fileID: -8679921383154817045, guid: 4ed30ed2b7ca4b34bae6255fe8fe3dc1,
        type: 3}
      propertyPath: m_LocalEulerAnglesHint.y
      value: -180.00002
      objectReference: {fileID: 0}
    - target: {fileID: -8679921383154817045, guid: 4ed30ed2b7ca4b34bae6255fe8fe3dc1,
        type: 3}
      propertyPath: m_LocalEulerAnglesHint.z
      value: 0
      objectReference: {fileID: 0}
    - target: {fileID: -8679921383154817045, guid: 4ed30ed2b7ca4b34bae6255fe8fe3dc1,
        type: 3}
      propertyPath: m_LocalScale.x
      value: 3.5
      objectReference: {fileID: 0}
    - target: {fileID: -8679921383154817045, guid: 4ed30ed2b7ca4b34bae6255fe8fe3dc1,
        type: 3}
      propertyPath: m_LocalScale.y
      value: 3.5
      objectReference: {fileID: 0}
    - target: {fileID: -8679921383154817045, guid: 4ed30ed2b7ca4b34bae6255fe8fe3dc1,
        type: 3}
      propertyPath: m_LocalScale.z
      value: 3.5
      objectReference: {fileID: 0}
    - target: {fileID: 919132149155446097, guid: 4ed30ed2b7ca4b34bae6255fe8fe3dc1,
        type: 3}
      propertyPath: m_Name
      value: WOOD-1 (11)
      objectReference: {fileID: 0}
    m_RemovedComponents: []
  m_SourcePrefab: {fileID: 100100000, guid: 4ed30ed2b7ca4b34bae6255fe8fe3dc1, type: 3}
--- !u!4 &5895925326460967211 stripped
Transform:
  m_CorrespondingSourceObject: {fileID: -8679921383154817045, guid: 4ed30ed2b7ca4b34bae6255fe8fe3dc1,
    type: 3}
  m_PrefabInstance: {fileID: 6221777473429978816}
  m_PrefabAsset: {fileID: 0}
--- !u!1001 &8572702249740291192
PrefabInstance:
  m_ObjectHideFlags: 0
  serializedVersion: 2
  m_Modification:
    m_TransformParent: {fileID: 2565072806740913623}
    m_Modifications:
    - target: {fileID: -8679921383154817045, guid: 4ed30ed2b7ca4b34bae6255fe8fe3dc1,
        type: 3}
      propertyPath: m_LocalPosition.x
      value: -0.51
      objectReference: {fileID: 0}
    - target: {fileID: -8679921383154817045, guid: 4ed30ed2b7ca4b34bae6255fe8fe3dc1,
        type: 3}
      propertyPath: m_LocalPosition.y
      value: -1.46
      objectReference: {fileID: 0}
    - target: {fileID: -8679921383154817045, guid: 4ed30ed2b7ca4b34bae6255fe8fe3dc1,
        type: 3}
      propertyPath: m_LocalPosition.z
      value: 7.44
      objectReference: {fileID: 0}
    - target: {fileID: -8679921383154817045, guid: 4ed30ed2b7ca4b34bae6255fe8fe3dc1,
        type: 3}
      propertyPath: m_LocalRotation.x
      value: 0.6774754
      objectReference: {fileID: 0}
    - target: {fileID: -8679921383154817045, guid: 4ed30ed2b7ca4b34bae6255fe8fe3dc1,
        type: 3}
      propertyPath: m_LocalRotation.y
      value: -0.73554546
      objectReference: {fileID: 0}
    - target: {fileID: -8679921383154817045, guid: 4ed30ed2b7ca4b34bae6255fe8fe3dc1,
        type: 3}
      propertyPath: m_LocalRotation.z
      value: -0.00000011104683
      objectReference: {fileID: 0}
    - target: {fileID: -8679921383154817045, guid: 4ed30ed2b7ca4b34bae6255fe8fe3dc1,
        type: 3}
      propertyPath: m_LocalRotation.w
      value: 0.00000012056528
      objectReference: {fileID: 0}
    - target: {fileID: -8679921383154817045, guid: 4ed30ed2b7ca4b34bae6255fe8fe3dc1,
        type: 3}
      propertyPath: m_RootOrder
      value: 18
      objectReference: {fileID: 0}
    - target: {fileID: -8679921383154817045, guid: 4ed30ed2b7ca4b34bae6255fe8fe3dc1,
        type: 3}
      propertyPath: m_LocalEulerAnglesHint.x
      value: 0
      objectReference: {fileID: 0}
    - target: {fileID: -8679921383154817045, guid: 4ed30ed2b7ca4b34bae6255fe8fe3dc1,
        type: 3}
      propertyPath: m_LocalEulerAnglesHint.y
      value: -180.00002
      objectReference: {fileID: 0}
    - target: {fileID: -8679921383154817045, guid: 4ed30ed2b7ca4b34bae6255fe8fe3dc1,
        type: 3}
      propertyPath: m_LocalEulerAnglesHint.z
      value: -85.29301
      objectReference: {fileID: 0}
    - target: {fileID: -8679921383154817045, guid: 4ed30ed2b7ca4b34bae6255fe8fe3dc1,
        type: 3}
      propertyPath: m_LocalScale.x
      value: 3.5
      objectReference: {fileID: 0}
    - target: {fileID: -8679921383154817045, guid: 4ed30ed2b7ca4b34bae6255fe8fe3dc1,
        type: 3}
      propertyPath: m_LocalScale.y
      value: 3.5
      objectReference: {fileID: 0}
    - target: {fileID: -8679921383154817045, guid: 4ed30ed2b7ca4b34bae6255fe8fe3dc1,
        type: 3}
      propertyPath: m_LocalScale.z
      value: 3.5
      objectReference: {fileID: 0}
    - target: {fileID: 919132149155446097, guid: 4ed30ed2b7ca4b34bae6255fe8fe3dc1,
        type: 3}
      propertyPath: m_Name
      value: WOOD-1 (14)
      objectReference: {fileID: 0}
    m_RemovedComponents: []
  m_SourcePrefab: {fileID: 100100000, guid: 4ed30ed2b7ca4b34bae6255fe8fe3dc1, type: 3}
--- !u!4 &8174845020257069971 stripped
Transform:
  m_CorrespondingSourceObject: {fileID: -8679921383154817045, guid: 4ed30ed2b7ca4b34bae6255fe8fe3dc1,
    type: 3}
  m_PrefabInstance: {fileID: 8572702249740291192}
  m_PrefabAsset: {fileID: 0}
